@article{lin1965computer,
  title={Computer solutions of the traveling salesman problem},
  author={Lin, Shen},
  journal={Bell System Technical Journal},
  volume={44},
  number={10},
  pages={2245--2269},
  year={1965},
  publisher={Wiley Online Library}
}

@article{ruland1997pickup,
  title={The pickup and delivery problem: Faces and branch-and-cut algorithm},
  author={Ruland, KS and Rodin, EY},
  journal={Computers \& mathematics with applications},
  volume={33},
  number={12},
  pages={1--13},
  year={1997},
  publisher={Elsevier}
}

@article{o2018exact,
  title={Exact methods for solving traveling salesman problems with pickup and delivery in real time},
  author={Oâ€™Neil, Ryan J and Hoffman, Karla},
  journal={Optimization-Online. org: http://www. optimization-online. org/DB\_HTML/2017/12/6370. html. Accessed},
  volume={9},
  year={2018}
}